@misc{spectral_sequences,
  author = {McCleary, John},
  publisher = {Cambridge University Press},
  title = {A {U}ser's {G}uide to {S}pectral {S}equences},
  year = {2001}
}

@misc{suspension,
  author = {Calle, Maxine},
  title = {The {F}reudenthal {S}uspension {T}heorem},
  url = {https://bpb-us-w2.wpmucdn.com/web.sas.upenn.edu/dist/0/713/files/2020/08/FSTnotes.pdf},
  year = {2020}
}

@misc{hatcher5,
  author = {Hatcher, Allen},
  title = {Spectral {S}equences},
  url = {https://pi.math.cornell.edu/~hatcher/AT/ATch5.pdf},
  urldate = {2025-02-01},
  organization = {https://pi.math.cornell.edu}
}

@misc{superalg,
  author = {Westra, D.B.},
  title = {Structure of Super Hopf Algebras},
  url = {https://www.mat.univie.ac.at/~westra/superhopfalg.pdf},
  urldate = {2023-08-14},
  organization = {www.mat.univie.ac.at}
}

@misc{hatcher,
  author = {Hatcher, Allen},
  title = {Algebraic {T}opology},
  url = {https://pi.math.cornell.edu/~hatcher/AT/AT+.pdf},
  year = {2001}
}

@misc{stable_homotopy,
  author = {Adams, J.F.},
  publisher = {\tex romancers},
  title = {Stable {H}omotopy and {G}eneralised {H}omology},
  year = {2022}
}

@misc{cobordism,
  author = {Ravenel, Douglas C.},
  publisher = {Academic Press. Inc},
  title = {Complex {C}obordism and {S}table {H}omotopy {G}roups of {S}pheres},
  year = {1986}
}

@misc{ass,
  author = {Rognes, John},
  title = {The {A}dams {S}pectral {S}equence},
  url = {https://www.mn.uio.no/math/personer/vit/rognes/papers/notes.050612.pdf},
  year = {2012}
}

@misc{spectra,
  author = {Margolis, H.R.},
  publisher = {Elsevier Science Publishers B.V.},
  title = {Spectra and the {S}teenrod {A}lgebra},
  year = {1983}
}
